@article{DBLP:journals/corr/PapandreouZKTTB17,
  author    = {George Papandreou and
               Tyler Zhu and
               Nori Kanazawa and
               Alexander Toshev and
               Jonathan Tompson and
               Chris Bregler and
               Kevin P. Murphy},
  title     = {Towards Accurate Multi-person Pose Estimation in the Wild},
  journal   = {CoRR},
  volume    = {abs/1701.01779},
  year      = {2017},
  eprinttype = {arXiv},
  eprint    = {1701.01779},
}

@inproceedings{DBLP:conf/eccv/InsafutdinovPAA16,
  author    = {Eldar Insafutdinov and
               Leonid Pishchulin and
               Bjoern Andres and
               Mykhaylo Andriluka and
               Bernt Schiele},
  title     = {DeeperCut: {A} Deeper, Stronger, and Faster Multi-person Pose Estimation
               Model},
  booktitle = {Computer Vision - {ECCV} 2016 - 14th European Conference, Amsterdam,
               The Netherlands, October 11-14, 2016, Proceedings, Part {VI}},
  series    = {Lecture Notes in Computer Science},
  volume    = {9910},
  pages     = {34--50},
  publisher = {Springer},
  year      = {2016},
}

@inproceedings{DBLP:conf/cvpr/CaoSWS17,
  author    = {Zhe Cao and
               Tomas Simon and
               Shih{-}En Wei and
               Yaser Sheikh},
  title     = {Realtime Multi-person 2D Pose Estimation Using Part Affinity Fields},
  booktitle = {2017 {IEEE} Conference on Computer Vision and Pattern Recognition,
               {CVPR} 2017, Honolulu, HI, USA, July 21-26, 2017},
  pages     = {1302--1310},
  publisher = {{IEEE} Computer Society},
  year      = {2017},
}

@inproceedings{zhu2017multi,
  title={Multi-person pose estimation for posetrack with enhanced part affinity fields},
  author={Zhu, Xiangyu and Jiang, Yingying and Luo, Zhenbo},
  booktitle={ICCV PoseTrack Workshop},
  volume={7},
  pages={4321},
  year={2017}
}

@article{newell2017associative,
  title={Associative embedding: End-to-end learning for joint detection and grouping},
  author={Newell, Alejandro and Huang, Zhiao and Deng, Jia},
  journal={Advances in neural information processing systems},
  volume={30},
  year={2017}
}

@inproceedings{wei2016convolutional,
  title={Convolutional pose machines},
  author={Wei, Shih-En and Ramakrishna, Varun and Kanade, Takeo and Sheikh, Yaser},
  booktitle={Proceedings of the IEEE conference on Computer Vision and Pattern Recognition},
  pages={4724--4732},
  year={2016}
}

@inproceedings{toshev2014deeppose,
  title={Deeppose: Human pose estimation via deep neural networks},
  author={Toshev, Alexander and Szegedy, Christian},
  booktitle={Proceedings of the IEEE conference on computer vision and pattern recognition},
  pages={1653--1660},
  year={2014}
}

@article{chen2014articulated,
  title={Articulated pose estimation by a graphical model with image dependent pairwise relations},
  author={Chen, Xianjie and Yuille, Alan L},
  journal={Advances in neural information processing systems},
  pages = {1736-1744},
  volume={27},
  year={2014}
}

@inproceedings{martinez2017simple,
  title={A simple yet effective baseline for 3d human pose estimation},
  author={Martinez, Julieta and Hossain, Rayat and Romero, Javier and Little, James J},
  booktitle={Proceedings of the IEEE international conference on computer vision},
  pages={2640--2649},
  year={2017}
}

@inproceedings{chen2017adversarial,
  title={Adversarial posenet: A structure-aware convolutional network for human pose estimation},
  author={Chen, Yu and Shen, Chunhua and Wei, Xiu-Shen and Liu, Lingqiao and Yang, Jian},
  booktitle={Proceedings of the IEEE International Conference on Computer Vision},
  pages={1212--1221},
  year={2017}
}

@inproceedings{pishchulin2016deepcut,
  title={Deepcut: Joint subset partition and labeling for multi person pose estimation},
  author={Pishchulin, Leonid and Insafutdinov, Eldar and Tang, Siyu and Andres, Bjoern and Andriluka, Mykhaylo and Gehler, Peter V and Schiele, Bernt},
  booktitle={Proceedings of the IEEE conference on computer vision and pattern recognition},
  pages={4929--4937},
  year={2016}
}

@inproceedings{yang2011articulated,
  title={Articulated pose estimation with flexible mixtures-of-parts},
  author={Yang, Yi and Ramanan, Deva},
  booktitle={CVPR 2011},
  pages={1385--1392},
  year={2011},
  organization={IEEE}
}

@article{yang2012articulated,
  title={Articulated human detection with flexible mixtures of parts},
  author={{Yang, Yi and Ramanan, Deva}},
  journal={IEEE transactions on pattern analysis and machine intelligence},
  volume={35},
  number={12},
  pages={2878--2890},
  year={2012},
}

@inproceedings{wang2013beyond,
  title={Beyond physical connections: Tree models in human pose estimation},
  author={Wang, Fang and Li, Yi},
  booktitle={Proceedings of the IEEE conference on computer vision and pattern recognition},
  pages={596--603},
  year={2013}
}

@INPROCEEDINGS{6126309,
  author={Sun, Min and Savarese, Silvio},
  booktitle={2011 International Conference on Computer Vision}, 
  title={Articulated part-based model for joint object detection and pose estimation}, 
  year={2011},
  volume={},
  number={},
  pages={723-730},
}

@article{eichner20122d,
  title={2d articulated human pose estimation and retrieval in (almost) unconstrained still images},
  author={Eichner, Marcin and Marin-Jimenez, Manuel and Zisserman, Andrew and Ferrari, Vittorio},
  journal={International journal of computer vision},
  volume={99},
  number={2},
  pages={190--214},
  year={2012},
  publisher={Springer}
}

@inproceedings{eichner2010we,
  title={We are family: Joint pose estimation of multiple persons},
  author={Eichner, Marcin and Ferrari, Vittorio},
  booktitle={European conference on computer vision},
  pages={228--242},
  year={2010},
  organization={Springer}
}

@article{guo2016deep,
  title={Deep learning for visual understanding: A review},
  author={Guo, Yanming and Liu, Yu and Oerlemans, Ard and Lao, Songyang and Wu, Song and Lew, Michael S},
  journal={Neurocomputing},
  volume={187},
  pages={27--48},
  year={2016},
  publisher={Elsevier}
}

@article{poppe2007vision,
  title={Vision-based human motion analysis: An overview},
  author={Poppe, Ronald},
  journal={Computer vision and image understanding},
  volume={108},
  number={1-2},
  pages={4--18},
  year={2007},
  publisher={Elsevier}
}

@article{liu2015survey,
  title={A survey of human pose estimation: the body parts parsing based methods},
  author={Liu, Zhao and Zhu, Jianke and Bu, Jiajun and Chen, Chun},
  journal={Journal of Visual Communication and Image Representation},
  volume={32},
  pages={10--19},
  year={2015},
  publisher={Elsevier}
}

@article{zhang2016survey,
  title={A survey on human pose estimation},
  author={Zhang, Hong-Bo and Lei, Qing and Zhong, Bi-Neng and Du, Ji-Xiang and Peng, JiaLin},
  journal={Intelligent Automation \& Soft Computing},
  volume={22},
  number={3},
  pages={483--489},
  year={2016},
  publisher={Taylor \& Francis}
}

@article{gong2016human,
  title={Human pose estimation from monocular images: A comprehensive survey},
  author={Gong, Wenjuan and Zhang, Xuena and Gonz{\`a}lez, Jordi and Sobral, Andrews and Bouwmans, Thierry and Tu, Changhe and Zahzah, El-hadi},
  journal={Sensors},
  volume={16},
  number={12},
  pages={1966},
  year={2016},
  publisher={MDPI}
}

@article{murphy2008head,
  title={Head pose estimation in computer vision: A survey},
  author={Murphy-Chutorian, Erik and Trivedi, Mohan Manubhai},
  journal={IEEE transactions on pattern analysis and machine intelligence},
  volume={31},
  number={4},
  pages={607--626},
  year={2008},
  publisher={IEEE}
}

@article{erol2007vision,
  title={Vision-based hand pose estimation: A review},
  author={Erol, Ali and Bebis, George and Nicolescu, Mircea and Boyle, Richard D and Twombly, Xander},
  journal={Computer Vision and Image Understanding},
  volume={108},
  number={1-2},
  pages={52--73},
  year={2007},
  publisher={Elsevier}
}

@inproceedings{asadi2017survey,
  title={A survey on deep learning based approaches for action and gesture recognition in image sequences},
  author={Asadi-Aghbolaghi, Maryam and Clapes, Albert and Bellantonio, Marco and Escalante, Hugo Jair and Ponce-L{\'o}pez, V{\'\i}ctor and Bar{\'o}, Xavier and Guyon, Isabelle and Kasaei, Shohreh and Escalera, Sergio},
  booktitle={2017 12th IEEE international conference on automatic face \& gesture recognition (FG 2017)},
  pages={476--483},
  year={2017},
  organization={IEEE}
}

@inproceedings{ferrari2008progressive,
  title={Progressive search space reduction for human pose estimation},
  author={Ferrari, Vittorio and Marin-Jimenez, Manuel and Zisserman, Andrew},
  booktitle={2008 IEEE Conference on Computer Vision and Pattern Recognition},
  pages={1--8},
  year={2008},
  organization={IEEE}
}

@inproceedings{carreira2016human,
  title={Human pose estimation with iterative error feedback},
  author={Carreira, Joao and Agrawal, Pulkit and Fragkiadaki, Katerina and Malik, Jitendra},
  booktitle={Proceedings of the IEEE conference on computer vision and pattern recognition},
  pages={4733--4742},
  year={2016}
}

@inproceedings{sun2017compositional,
  title={Compositional human pose regression},
  author={Sun, Xiao and Shang, Jiaxiang and Liang, Shuang and Wei, Yichen},
  booktitle={Proceedings of the IEEE International Conference on Computer Vision},
  pages={2602--2611},
  year={2017}
}

@article{luvizon2019human,
  title={Human pose regression by combining indirect part detection and contextual information},
  author={Luvizon, Diogo C and Tabia, Hedi and Picard, David},
  journal={Computers \& Graphics},
  volume={85},
  pages={15--22},
  year={2019},
  publisher={Elsevier}
}

@article{goodfellow2014generative,
  title={Generative adversarial nets},
  author={Goodfellow, Ian and Pouget-Abadie, Jean and Mirza, Mehdi and Xu, Bing and Warde-Farley, David and Ozair, Sherjil and Courville, Aaron and Bengio, Yoshua},
  journal={Advances in neural information processing systems},
  volume={27},
  year={2014}
}

@inproceedings{newell2016stacked,
  title={Stacked hourglass networks for human pose estimation},
  author={Newell, Alejandro and Yang, Kaiyu and Deng, Jia},
  booktitle={European conference on computer vision},
  pages={483--499},
  year={2016},
  organization={Springer}
}

@inproceedings{chu2017multi,
  title={Multi-context attention for human pose estimation},
  author={Chu, Xiao and Yang, Wei and Ouyang, Wanli and Ma, Cheng and Yuille, Alan L and Wang, Xiaogang},
  booktitle={Proceedings of the IEEE conference on computer vision and pattern recognition},
  pages={1831--1840},
  year={2017}
}

@inproceedings{pfister2014deep,
  title={Deep convolutional neural networks for efficient pose estimation in gesture videos},
  author={Pfister, Tomas and Simonyan, Karen and Charles, James and Zisserman, Andrew},
  booktitle={Asian Conference on Computer Vision},
  pages={538--552},
  year={2014},
  organization={Springer}
}

@article{tompson2014joint,
  title={Joint training of a convolutional network and a graphical model for human pose estimation},
  author={Tompson, Jonathan J and Jain, Arjun and LeCun, Yann and Bregler, Christoph},
  journal={Advances in neural information processing systems},
  volume={27},
  year={2014}
}

@inproceedings{pfister2015flowing,
  title={Flowing convnets for human pose estimation in videos},
  author={Pfister, Tomas and Charles, James and Zisserman, Andrew},
  booktitle={Proceedings of the IEEE international conference on computer vision},
  pages={1913--1921},
  year={2015}
}

@inproceedings{sapp2013modec,
  title={Modec: Multimodal decomposable models for human pose estimation},
  author={Sapp, Ben and Taskar, Ben},
  booktitle={Proceedings of the IEEE conference on computer vision and pattern recognition},
  pages={3674--3681},
  year={2013}
}

@inproceedings{radosavovic2018data,
  title={Data distillation: Towards omni-supervised learning},
  author={Radosavovic, Ilija and Doll{\'a}r, Piotr and Girshick, Ross and Gkioxari, Georgia and He, Kaiming},
  booktitle={Proceedings of the IEEE conference on computer vision and pattern recognition},
  pages={4119--4128},
  year={2018}
}

@inproceedings{fang2017rmpe,
  title={Rmpe: Regional multi-person pose estimation},
  author={Fang, Hao-Shu and Xie, Shuqin and Tai, Yu-Wing and Lu, Cewu},
  booktitle={Proceedings of the IEEE international conference on computer vision},
  pages={2334--2343},
  year={2017}
}

@inproceedings{he2017mask,
  title={Mask r-cnn},
  author={He, Kaiming and Gkioxari, Georgia and Doll{\'a}r, Piotr and Girshick, Ross},
  booktitle={Proceedings of the IEEE international conference on computer vision},
  pages={2961--2969},
  year={2017}
}

@inproceedings{iqbal2016multi,
  title={Multi-person pose estimation with local joint-to-person associations},
  author={Iqbal, Umar and Gall, Juergen},
  booktitle={European conference on computer vision},
  pages={627--642},
  year={2016},
  organization={Springer}
}

@inproceedings{chen2018cascaded,
  title={Cascaded pyramid network for multi-person pose estimation},
  author={Chen, Yilun and Wang, Zhicheng and Peng, Yuxiang and Zhang, Zhiqiang and Yu, Gang and Sun, Jian},
  booktitle={Proceedings of the IEEE conference on computer vision and pattern recognition},
  pages={7103--7112},
  year={2018}
}

@article{simonyan2014very,
  title={Very deep convolutional networks for large-scale image recognition},
  author={Simonyan, Karen and Zisserman, Andrew},
  journal={arXiv preprint arXiv:1409.1556},
  year={2014}
}

@inproceedings{he2016deep,
  title={Deep residual learning for image recognition},
  author={He, Kaiming and Zhang, Xiangyu and Ren, Shaoqing and Sun, Jian},
  booktitle={Proceedings of the IEEE conference on computer vision and pattern recognition},
  pages={770--778},
  year={2016}
}

@inproceedings{szegedy2017inception,
  title={Inception-v4, inception-resnet and the impact of residual connections on learning},
  author={Szegedy, Christian and Ioffe, Sergey and Vanhoucke, Vincent and Alemi, Alexander A},
  booktitle={Thirty-first AAAI conference on artificial intelligence},
  year={2017}
}

@INPROCEEDINGS{8099589,  
author={Lin, Tsung-Yi and Dollár, Piotr and Girshick, Ross and He, Kaiming and Hariharan, Bharath and Belongie, Serge},  
booktitle={2017 IEEE Conference on Computer Vision and Pattern Recognition (CVPR)},   
title={Feature Pyramid Networks for Object Detection},   
year={2017},  
pages={936-944}
}

@article{bodla1704improving,
  title={Improving object detection with one line of code. arXiv 2017},
  author={Bodla, N and Singh, B and Chellappa, R and Davis, LS},
  journal={arXiv preprint arXiv:1704.04503}
}

@article{burgos2013merging,
  title={Merging pose estimates across space and time},
  author={Burgos-Artizzu, Xavier P and Hall, David C and Perona, Pietro and Doll{\'a}r, Piotr},
  year={2013},
  publisher={Durham, UK}
}

@inproceedings{chen2015parsing,
  title={Parsing occluded people by flexible compositions},
  author={Chen, Xianjie and Yuille, Alan L},
  booktitle={Proceedings of the IEEE Conference on Computer Vision and Pattern Recognition},
  pages={3945--3954},
  year={2015}
}

@inproceedings{chen2014detect,
  title={Detect what you can: Detecting and representing objects using holistic models and body parts},
  author={Chen, Xianjie and Mottaghi, Roozbeh and Liu, Xiaobai and Fidler, Sanja and Urtasun, Raquel and Yuille, Alan},
  booktitle={Proceedings of the IEEE conference on computer vision and pattern recognition},
  pages={1971--1978},
  year={2014}
}

@INPROCEEDINGS{8099625,  
author={Insafutdinov, Eldar and Andriluka, Mykhaylo and Pishchulin, Leonid and Tang, Siyu and Levinkov, Evgeny and Andres, Bjoern and Schiele, Bernt}, 
 booktitle={2017 IEEE Conference on Computer Vision and Pattern Recognition (CVPR)},  
 title={ArtTrack: Articulated Multi-Person Tracking in the Wild},  
 year={2017}, 
pages={1293-1301}
}

@inproceedings{zhu2017multi,
  title={Multi-person pose estimation for posetrack with enhanced part affinity fields},
  author={Zhu, Xiangyu and Jiang, Yingying and Luo, Zhenbo},
  booktitle={ICCV PoseTrack Workshop},
  volume={7},
  pages={4321},
  year={2017}
}

@article{newell2017associative,
  title={Associative embedding: End-to-end learning for joint detection and grouping},
  author={Newell, Alejandro and Huang, Zhiao and Deng, Jia},
  journal={Advances in neural information processing systems},
  volume={30},
  year={2017}
}

@inproceedings{xie2017aggregated,
  title={Aggregated residual transformations for deep neural networks},
  author={Xie, Saining and Girshick, Ross and Doll{\'a}r, Piotr and Tu, Zhuowen and He, Kaiming},
  booktitle={Proceedings of the IEEE conference on computer vision and pattern recognition},
  pages={1492--1500},
  year={2017}
}

@inproceedings{huang2017densely,
  title={Densely connected convolutional networks},
  author={Huang, Gao and Liu, Zhuang and Van Der Maaten, Laurens and Weinberger, Kilian Q},
  booktitle={Proceedings of the IEEE conference on computer vision and pattern recognition},
  pages={4700--4708},
  year={2017}
}

@article{chen2017deeplab,
  title={Deeplab: Semantic image segmentation with deep convolutional nets, atrous convolution, and fully connected crfs},
  author={Chen, Liang-Chieh and Papandreou, George and Kokkinos, Iasonas and Murphy, Kevin and Yuille, Alan L},
  journal={IEEE transactions on pattern analysis and machine intelligence},
  volume={40},
  number={4},
  pages={834--848},
  year={2017},
  publisher={IEEE}
}

@inproceedings{zhong2018practical,
  title={Practical block-wise neural network architecture generation},
  author={Zhong, Zhao and Yan, Junjie and Wu, Wei and Shao, Jing and Liu, Cheng-Lin},
  booktitle={Proceedings of the IEEE conference on computer vision and pattern recognition},
  pages={2423--2432},
  year={2018}
}

@article{ren2015faster,
  title={Faster r-cnn: Towards real-time object detection with region proposal networks},
  author={Ren, Shaoqing and He, Kaiming and Girshick, Ross and Sun, Jian},
  journal={Advances in neural information processing systems},
  volume={28},
  year={2015}
}

@inproceedings{lin2014microsoft,
  title={Microsoft coco: Common objects in context},
  author={Lin, Tsung-Yi and Maire, Michael and Belongie, Serge and Hays, James and Perona, Pietro and Ramanan, Deva and Doll{\'a}r, Piotr and Zitnick, C Lawrence},
  booktitle={European conference on computer vision},
  pages={740--755},
  year={2014},
  organization={Springer}
}

@inproceedings{andriluka20142d,
  title={2d human pose estimation: New benchmark and state of the art analysis},
  author={Andriluka, Mykhaylo and Pishchulin, Leonid and Gehler, Peter and Schiele, Bernt},
  booktitle={Proceedings of the IEEE Conference on computer Vision and Pattern Recognition},
  pages={3686--3693},
  year={2014}
}

@inproceedings{johnson2010clustered,
  title={Clustered Pose and Nonlinear Appearance Models for Human Pose Estimation.},
  author={Johnson, Sam and Everingham, Mark},
  booktitle={bmvc},
  volume={2},
  number={4},
  pages={5},
  year={2010},
  organization={Aberystwyth, UK}
}

@article{Wu2017AIC,
  title={AI Challenger : A Large-scale Dataset for Going Deeper in Image Understanding},
  author={Jiahong Wu and He Zheng and Bo Zhao and Yixin Li and Baoming Yan and Rui Liang and Wenjia Wang and Shipei Zhou and Guosen Lin and Yanwei Fu and Yizhou Wang and Yonggang Wang},
  journal={ArXiv},
  year={2017},
  volume={abs/1711.06475}
}

@article{Andriluka2018PoseTrackAB,
  title={PoseTrack: A Benchmark for Human Pose Estimation and Tracking},
  author={Mykhaylo Andriluka and Umar Iqbal and Anton Milan and Eldar Insafutdinov and Leonid Pishchulin and Juergen Gall and Bernt Schiele},
  journal={2018 IEEE/CVF Conference on Computer Vision and Pattern Recognition},
  year={2018},
  pages={5167-5176}
}