@inproceedings{DBLP:conf/cvpr/0009XLW19,
  author    = {Ke Sun and Bin Xiao and Dong Liu and Jingdong Wang},
  title     = {Deep High-Resolution Representation Learning for Human Pose Estimation},
  booktitle = {{IEEE} Conference on Computer Vision and Pattern Recognition, {CVPR} 2019},
  pages     = {5693--5703},
  publisher = {Computer Vision Foundation / {IEEE}},
  year      = {2019},
  biburl    = {https://dblp.org/rec/conf/cvpr/0009XLW19.bib},
  bibsource = {dblp computer science bibliography, https://dblp.org}
}


@article{article,
  title={Man-Computer Symbiosis},
  author={J. C. R. Licklider},
  journal={Ire Transactions on Human Factors in Electronics},
  year={1960},
  volume={1},
  pages={4-11}
}

@inproceedings{DBLP:conf/cvpr/ToshevS14,
  author    = {Alexander Toshev and
               Christian Szegedy},
  title     = {DeepPose: Human Pose Estimation via Deep Neural Networks},
  booktitle = {2014 {IEEE} Conference on Computer Vision and Pattern Recognition,
               {CVPR} 2014, Columbus, OH, USA, June 23-28, 2014},
  pages     = {1653--1660},
  publisher = {{IEEE} Computer Society},
  year      = {2014},
  bibsource = {dblp computer science bibliography, https://dblp.org}
}

@inproceedings{DBLP:conf/cvpr/WeiRKS16,
  author    = {Shih{-}En Wei and
               Varun Ramakrishna and
               Takeo Kanade and
               Yaser Sheikh},
  title     = {Convolutional Pose Machines},
  booktitle = {2016 {IEEE} Conference on Computer Vision and Pattern Recognition,
               {CVPR} 2016, Las Vegas, NV, USA, June 27-30, 2016},
  pages     = {4724--4732},
  publisher = {{IEEE} Computer Society},
  year      = {2016},
}

@inproceedings{DBLP:conf/eccv/NewellYD16,
  author    = {Alejandro Newell and
               Kaiyu Yang and
               Jia Deng},
  editor    = {Bastian Leibe and
               Jiri Matas and
               Nicu Sebe and
               Max Welling},
  title     = {Stacked Hourglass Networks for Human Pose Estimation},
  booktitle = {Computer Vision - {ECCV} 2016 - 14th European Conference, Amsterdam,
               The Netherlands, October 11-14, 2016, Proceedings, Part {VIII}},
  series    = {Lecture Notes in Computer Science},
  volume    = {9912},
  pages     = {483--499},
  publisher = {Springer},
  year      = {2016},
}

@inproceedings{DBLP:conf/cvpr/ChenWPZYS18,
  author    = {Yilun Chen and
               Zhicheng Wang and
               Yuxiang Peng and
               Zhiqiang Zhang and
               Gang Yu and
               Jian Sun},
  title     = {Cascaded Pyramid Network for Multi-Person Pose Estimation},
  booktitle = {2018 {IEEE} Conference on Computer Vision and Pattern Recognition,
               {CVPR} 2018, Salt Lake City, UT, USA, June 18-22, 2018},
  pages     = {7103--7112},
  publisher = {Computer Vision Foundation / {IEEE} Computer Society},
  year      = {2018},
}

@inproceedings{DBLP:journals/corr/SimonyanZ14a,
  author    = {Karen Simonyan and
               Andrew Zisserman},
  editor    = {Yoshua Bengio and
               Yann LeCun},
  title     = {Very Deep Convolutional Networks for Large-Scale Image Recognition},
  booktitle = {3rd International Conference on Learning Representations, {ICLR} 2015,
               San Diego, CA, USA, May 7-9, 2015, Conference Track Proceedings},
  year      = {2015},
}

@inproceedings{DBLP:conf/cvpr/HeZRS16,
  author    = {Kaiming He and
               Xiangyu Zhang and
               Shaoqing Ren and
               Jian Sun},
  title     = {Deep Residual Learning for Image Recognition},
  booktitle = {2016 {IEEE} Conference on Computer Vision and Pattern Recognition,
               {CVPR} 2016, Las Vegas, NV, USA, June 27-30, 2016},
  pages     = {770--778},
  publisher = {{IEEE} Computer Society},
  year      = {2016},
}

@inproceedings{DBLP:conf/nips/RenHGS15,
  author    = {Shaoqing Ren and
               Kaiming He and
               Ross B. Girshick and
               Jian Sun},
  editor    = {Corinna Cortes and
               Neil D. Lawrence and
               Daniel D. Lee and
               Masashi Sugiyama and
               Roman Garnett},
  title     = {Faster {R-CNN:} Towards Real-Time Object Detection with Region Proposal
               Networks},
  booktitle = {Advances in Neural Information Processing Systems 28: Annual Conference
               on Neural Information Processing Systems 2015, December 7-12, 2015,
               Montreal, Quebec, Canada},
  pages     = {91--99},
  year      = {2015},
}

@inproceedings{DBLP:conf/iccv/FangXTL17,
  author    = {Haoshu Fang and
               Shuqin Xie and
               Yu{-}Wing Tai and
               Cewu Lu},
  title     = {{RMPE:} Regional Multi-person Pose Estimation},
  booktitle = {{IEEE} International Conference on Computer Vision, {ICCV} 2017, Venice,
               Italy, October 22-29, 2017},
  pages     = {2353--2362},
  publisher = {{IEEE} Computer Society},
  year      = {2017},
}


@inproceedings{DBLP:conf/iccv/HeGDG17,
  author    = {Kaiming He and
               Georgia Gkioxari and
               Piotr Doll{\'{a}}r and
               Ross B. Girshick},
  title     = {Mask {R-CNN}},
  booktitle = {{IEEE} International Conference on Computer Vision, {ICCV} 2017, Venice,
               Italy, October 22-29, 2017},
  pages     = {2980--2988},
  publisher = {{IEEE} Computer Society},
  year      = {2017},
}

@article{DBLP:journals/corr/abs-1812-08008,
  author    = {Zhe Cao and
               Gines Hidalgo and
               Tomas Simon and
               Shih{-}En Wei and
               Yaser Sheikh},
  title     = {OpenPose: Realtime Multi-Person 2D Pose Estimation using Part Affinity
               Fields},
  journal   = {CoRR},
  volume    = {abs/1812.08008},
  year      = {2018},
}

@inproceedings{DBLP:conf/cvpr/PishchulinITAAG16,
  author    = {Leonid Pishchulin and
               Eldar Insafutdinov and
               Siyu Tang and
               Bjoern Andres and
               Mykhaylo Andriluka and
               Peter V. Gehler and
               Bernt Schiele},
  title     = {DeepCut: Joint Subset Partition and Labeling for Multi Person Pose
               Estimation},
  booktitle = {2016 {IEEE} Conference on Computer Vision and Pattern Recognition,
               {CVPR} 2016, Las Vegas, NV, USA, June 27-30, 2016},
  pages     = {4929--4937},
  publisher = {{IEEE} Computer Society},
  year      = {2016},
}

@inproceedings{DBLP:conf/cvpr/ChengXWSH020,
  author    = {Bowen Cheng and
               Bin Xiao and
               Jingdong Wang and
               Honghui Shi and
               Thomas S. Huang and
               Lei Zhang},
  title     = {HigherHRNet: Scale-Aware Representation Learning for Bottom-Up Human
               Pose Estimation},
  booktitle = {2020 {IEEE/CVF} Conference on Computer Vision and Pattern Recognition,
               {CVPR} 2020, Seattle, WA, USA, June 13-19, 2020},
  pages     = {5385--5394},
  publisher = {Computer Vision Foundation / {IEEE}},
  year      = {2020},
}

@article{DBLP:journals/corr/HintonVD15,
  author    = {Geoffrey E. Hinton and
               Oriol Vinyals and
               Jeffrey Dean},
  title     = {Distilling the Knowledge in a Neural Network},
  journal   = {CoRR},
  volume    = {abs/1503.02531},
  year      = {2015},
  bibsource = {dblp computer science bibliography, https://dblp.org}
}

@inproceedings{DBLP:conf/cvpr/ZhangXHL18,
  author    = {Ying Zhang and
               Tao Xiang and
               Timothy M. Hospedales and
               Huchuan Lu},
  title     = {Deep Mutual Learning},
  booktitle = {2018 {IEEE} Conference on Computer Vision and Pattern Recognition,
               {CVPR} 2018, Salt Lake City, UT, USA, June 18-22, 2018},
  pages     = {4320--4328},
  publisher = {Computer Vision Foundation / {IEEE} Computer Society},
  year      = {2018},
}

@article{DBLP:journals/corr/abs-1902-03393,
  author    = {Seyed{-}Iman Mirzadeh and
               Mehrdad Farajtabar and
               Ang Li and
               Hassan Ghasemzadeh},
  title     = {Improved Knowledge Distillation via Teacher Assistant: Bridging the
               Gap Between Student and Teacher},
  journal   = {CoRR},
  volume    = {abs/1902.03393},
  year      = {2019},
}

@inproceedings{DBLP:journals/corr/RomeroBKCGB14,
  author    = {Adriana Romero and
               Nicolas Ballas and
               Samira Ebrahimi Kahou and
               Antoine Chassang and
               Carlo Gatta and
               Yoshua Bengio},
  editor    = {Yoshua Bengio and
               Yann LeCun},
  title     = {FitNets: Hints for Thin Deep Nets},
  booktitle = {3rd International Conference on Learning Representations, {ICLR} 2015,
               San Diego, CA, USA, May 7-9, 2015, Conference Track Proceedings},
  year      = {2015},
}

@inproceedings{DBLP:conf/iclr/TianKI20,
  author    = {Yonglong Tian and
               Dilip Krishnan and
               Phillip Isola},
  title     = {Contrastive Representation Distillation},
  booktitle = {8th International Conference on Learning Representations, {ICLR} 2020,
               Addis Ababa, Ethiopia, April 26-30, 2020},
  publisher = {OpenReview.net},
  year      = {2020},
}

@inproceedings{DBLP:conf/cvpr/ChengXWSH,
  author    = {Bowen Cheng and
               Bin Xiao and
               Jingdong Wang and
               Honghui Shi and
               Thomas S. Huang and
               Lei Zhang},
  title     = {HigherHRNet: Scale-Aware Representation Learning for Bottom-Up Human
               Pose Estimation},
  booktitle = {2020 {IEEE/CVF} Conference on Computer Vision and Pattern Recognition,
               {CVPR} 2020, Seattle, WA, USA, June 13-19, 2020},
  pages     = {5385--5394},
  publisher = {Computer Vision Foundation / {IEEE}},
  year      = {2020},
}

@inproceedings{DBLP:conf/cvpr/0009XLW,
  author    = {Ke Sun and Bin Xiao and Dong Liu and Jingdong Wang},
  title     = {Deep High-Resolution Representation Learning for Human Pose Estimation},
  booktitle = {{IEEE} Conference on Computer Vision and Pattern Recognition, {CVPR}
               2019, Long Beach, CA, USA, June 16-20, 2019},
  pages     = {5693--5703},
  publisher = {Computer Vision Foundation / {IEEE}},
  year      = {2019},
  timestamp = {Mon, 30 Aug 2021 17:01:14 +0200},
  biburl    = {https://dblp.org/rec/conf/cvpr/0009XLW19.bib},
  bibsource = {dblp computer science bibliography, https://dblp.org}
}

@article{DBLP:journals/pami/00010CJDZ0MTW0X21,
  author    = {Jingdong Wang and
               Ke Sun and
               Tianheng Cheng and
               Borui Jiang and
               Chaorui Deng and
               Yang Zhao and
               Dong Liu and
               Yadong Mu and
               Mingkui Tan and
               Xinggang Wang and
               Wenyu Liu and
               Bin Xiao},
  title     = {Deep High-Resolution Representation Learning for Visual Recognition},
  journal   = {{IEEE} Trans. Pattern Anal. Mach. Intell.},
  volume    = {43},
  number    = {10},
  pages     = {3349--3364},
  year      = {2021},
}

@inproceedings{DBLP:conf/cvpr/YuXGY0S021,
  author    = {Changqian Yu and
               Bin Xiao and
               Changxin Gao and
               Lu Yuan and
               Lei Zhang and
               Nong Sang and
               Jingdong Wang},
  title     = {Lite-HRNet: {A} Lightweight High-Resolution Network},
  booktitle = {{IEEE} Conference on Computer Vision and Pattern Recognition, {CVPR}
               2021, virtual, June 19-25, 2021},
  pages     = {10440--10450},
  publisher = {Computer Vision Foundation / {IEEE}},
  year      = {2021},
}

@article{DBLP:journals/corr/abs-2107-00782,
  author    = {Huajun Liu and
               Fuqiang Liu and
               Xinyi Fan and
               Dong Huang},
  title     = {Polarized Self-Attention: Towards High-quality Pixel-wise Regression},
  journal   = {CoRR},
  volume    = {abs/2107.00782},
  year      = {2021},
}

@article{DBLP:journals/corr/abs-2007-01127,
  author    = {Shivaji Alaparthi and
               Manit Mishra},
  title     = {Bidirectional Encoder Representations from Transformers {(BERT):}
               {A} sentiment analysis odyssey},
  journal   = {CoRR},
  volume    = {abs/2007.01127},
  year      = {2020},
}

@inproceedings{Radford2018ImprovingLU,
  title={Improving Language Understanding by Generative Pre-Training},
  author={Alec Radford and Karthik Narasimhan},
  year={2018}
}

@article{DBLP:journals/corr/abs-1810-04805,
  author    = {Jacob Devlin and
               Ming{-}Wei Chang and
               Kenton Lee and
               Kristina Toutanova},
  title     = {{BERT:} Pre-training of Deep Bidirectional Transformers for Language
               Understanding},
  journal   = {CoRR},
  volume    = {abs/1810.04805},
  year      = {2018},
}

@inproceedings{DBLP:conf/kdd/BucilaCN06,
  author    = {Cristian Bucila and
               Rich Caruana and
               Alexandru Niculescu{-}Mizil},
  editor    = {Tina Eliassi{-}Rad and
               Lyle H. Ungar and
               Mark Craven and
               Dimitrios Gunopulos},
  title     = {Model compression},
  booktitle = {Proceedings of the Twelfth {ACM} {SIGKDD} International Conference
               on Knowledge Discovery and Data Mining, Philadelphia, PA, USA, August
               20-23, 2006},
  pages     = {535--541},
  publisher = {{ACM}},
  year      = {2006},
}

@article{DBLP:journals/corr/abs-2204-10762,
  author    = {Qun Li and
               Ziyi Zhang and
               Fu Xiao and
               Feng Zhang and
               Bir Bhanu},
  title     = {Dite-HRNet: Dynamic Lightweight High-Resolution Network for Human
               Pose Estimation},
  journal   = {CoRR},
  volume    = {abs/2204.10762},
  year      = {2022},
}

@article{DBLP:journals/corr/abs,
  author    = {Guanghua Yu and
               Qinyao Chang and
               Wenyu Lv and
               Chang Xu and
               Cheng Cui and
               Wei Ji and
               Qingqing Dang and
               Kaipeng Deng and
               Guanzhong Wang and
               Yuning Du and
               Baohua Lai and
               Qiwen Liu and
               Xiaoguang Hu and
               Dianhai Yu and
               Yanjun Ma},
  title     = {PP-PicoDet: {A} Better Real-Time Object Detector on Mobile Devices},
  journal   = {CoRR},
  volume    = {abs/2111.00902},
  year      = {2021},
}

@inproceedings{DBLP:conf/cvpr/0004GGH,
  author    = {Xiaolong Wang and
               Ross B. Girshick and
               Abhinav Gupta and
               Kaiming He},
  title     = {Non-Local Neural Networks},
  booktitle = {2018 {IEEE} Conference on Computer Vision and Pattern Recognition,
               {CVPR} 2018, Salt Lake City, UT, USA, June 18-22, 2018},
  pages     = {7794--7803},
  publisher = {Computer Vision Foundation / {IEEE} Computer Society},
  year      = {2018},
}

@inproceedings{DBLP:conf/iccvw/0001XLWH,
  author    = {Yue Cao and
               Jiarui Xu and
               Stephen Lin and
               Fangyun Wei and
               Han Hu},
  title     = {GCNet: Non-Local Networks Meet Squeeze-Excitation Networks and Beyond},
  booktitle = {2019 {IEEE/CVF} International Conference on Computer Vision Workshops,
               {ICCV} Workshops 2019, Seoul, Korea (South), October 27-28, 2019},
  pages     = {1971--1980},
  publisher = {{IEEE}},
  year      = {2019},
}

@inproceedings{DBLP:conf/nips/HuSASV18,
  author    = {Jie Hu and
               Li Shen and
               Samuel Albanie and
               Gang Sun and
               Andrea Vedaldi},
  editor    = {Samy Bengio and
               Hanna M. Wallach and
               Hugo Larochelle and
               Kristen Grauman and
               Nicol{\`{o}} Cesa{-}Bianchi and
               Roman Garnett},
  title     = {Gather-Excite: Exploiting Feature Context in Convolutional Neural
               Networks},
  booktitle = {Advances in Neural Information Processing Systems 31: Annual Conference
               on Neural Information Processing Systems 2018, NeurIPS 2018, December
               3-8, 2018, Montr{\'{e}}al, Canada},
  pages     = {9423--9433},
  year      = {2018},
}

@inproceedings{DBLP:conf/eccv/WooPLK,
  author    = {Sanghyun Woo and
               Jongchan Park and
               Joon{-}Young Lee and
               In So Kweon},
  editor    = {Vittorio Ferrari and
               Martial Hebert and
               Cristian Sminchisescu and
               Yair Weiss},
  title     = {{CBAM:} Convolutional Block Attention Module},
  booktitle = {Computer Vision - {ECCV} 2018 - 15th European Conference, Munich,
               Germany, September 8-14, 2018, Proceedings, Part {VII}},
  series    = {Lecture Notes in Computer Science},
  volume    = {11211},
  pages     = {3--19},
  publisher = {Springer},
  year      = {2018},
}

@inproceedings{DBLP:conf/cvpr/FuLT0BFL,
  author    = {Jun Fu and
               Jing Liu and
               Haijie Tian and
               Yong Li and
               Yongjun Bao and
               Zhiwei Fang and
               Hanqing Lu},
  title     = {Dual Attention Network for Scene Segmentation},
  booktitle = {{IEEE} Conference on Computer Vision and Pattern Recognition, {CVPR}
               2019, Long Beach, CA, USA, June 16-20, 2019},
  pages     = {3146--3154},
  publisher = {Computer Vision Foundation / {IEEE}},
  year      = {2019},
}

@inproceedings{DBLP:conf/wacv/ShenZZY,
  author    = {Zhuoran Shen and
               Mingyuan Zhang and
               Haiyu Zhao and
               Shuai Yi and
               Hongsheng Li},
  title     = {Efficient Attention: Attention with Linear Complexities},
  booktitle = {{IEEE} Winter Conference on Applications of Computer Vision, {WACV}
               2021, Waikoloa, HI, USA, January 3-8, 2021},
  pages     = {3530--3538},
  publisher = {{IEEE}},
  year      = {2021},
}