@inproceedings{DBLP:conf/eccv/BulatT16,
  author    = {Adrian Bulat and
               Georgios Tzimiropoulos},
  editor    = {Bastian Leibe and
               Jiri Matas and
               Nicu Sebe and
               Max Welling},
  title     = {Human Pose Estimation via Convolutional Part Heatmap Regression},
  booktitle = {Computer Vision - {ECCV} 2016 - 14th European Conference, Amsterdam,
               The Netherlands, October 11-14, 2016, Proceedings, Part {VII}},
  series    = {Lecture Notes in Computer Science},
  volume    = {9911},
  pages     = {717--732},
  publisher = {Springer},
  year      = {2016},
}

@inproceedings{DBLP:conf/cvpr/CarreiraAFM16,
  author    = {Jo{\~{a}}o Carreira and
               Pulkit Agrawal and
               Katerina Fragkiadaki and
               Jitendra Malik},
  title     = {Human Pose Estimation with Iterative Error Feedback},
  booktitle = {2016 {IEEE} Conference on Computer Vision and Pattern Recognition,
               {CVPR} 2016, Las Vegas, NV, USA, June 27-30, 2016},
  pages     = {4733--4742},
  publisher = {{IEEE} Computer Society},
  year      = {2016},
}

@inproceedings{DBLP:conf/nips/TompsonJLB14,
  author    = {Jonathan Tompson and
               Arjun Jain and
               Yann LeCun and
               Christoph Bregler},
  editor    = {Zoubin Ghahramani and
               Max Welling and
               Corinna Cortes and
               Neil D. Lawrence and
               Kilian Q. Weinberger},
  title     = {Joint Training of a Convolutional Network and a Graphical Model for
               Human Pose Estimation},
  booktitle = {Advances in Neural Information Processing Systems 27: Annual Conference
               on Neural Information Processing Systems 2014, December 8-13 2014,
               Montreal, Quebec, Canada},
  pages     = {1799--1807},
  year      = {2014},
}

@inproceedings{DBLP:conf/cvpr/HuR16,
  author    = {Peiyun Hu and
               Deva Ramanan},
  title     = {Bottom-Up and Top-Down Reasoning with Hierarchical Rectified Gaussians},
  booktitle = {2016 {IEEE} Conference on Computer Vision and Pattern Recognition,
               {CVPR} 2016, Las Vegas, NV, USA, June 27-30, 2016},
  pages     = {5600--5609},
  publisher = {{IEEE} Computer Society},
  year      = {2016},
}

@inproceedings{DBLP:conf/cvpr/CharlesPMHZ16,
  author    = {James Charles and
               Tomas Pfister and
               Derek R. Magee and
               David C. Hogg and
               Andrew Zisserman},
  title     = {Personalizing Human Video Pose Estimation},
  booktitle = {2016 {IEEE} Conference on Computer Vision and Pattern Recognition,
               {CVPR} 2016, Las Vegas, NV, USA, June 27-30, 2016},
  pages     = {3063--3072},
  publisher = {{IEEE} Computer Society},
  year      = {2016},
}

@inproceedings{DBLP:conf/eccv/GkioxariTJ16,
  author    = {Georgia Gkioxari and
               Alexander Toshev and
               Navdeep Jaitly},
  editor    = {Bastian Leibe and
               Jiri Matas and
               Nicu Sebe and
               Max Welling},
  title     = {Chained Predictions Using Convolutional Neural Networks},
  booktitle = {Computer Vision - {ECCV} 2016 - 14th European Conference, Amsterdam,
               The Netherlands, October 11-14, 2016, Proceedings, Part {IV}},
  series    = {Lecture Notes in Computer Science},
  volume    = {9908},
  pages     = {728--743},
  publisher = {Springer},
  year      = {2016},
}

@inproceedings{DBLP:conf/cvpr/CaoSWS17,
  author    = {Zhe Cao and
               Tomas Simon and
               Shih{-}En Wei and
               Yaser Sheikh},
  title     = {Realtime Multi-person 2D Pose Estimation Using Part Affinity Fields},
  booktitle = {2017 {IEEE} Conference on Computer Vision and Pattern Recognition,
               {CVPR} 2017, Honolulu, HI, USA, July 21-26, 2017},
  pages     = {1302--1310},
  publisher = {{IEEE} Computer Society},
  year      = {2017},
}

@inproceedings{DBLP:conf/eccv/InsafutdinovPAA16,
  author    = {Eldar Insafutdinov and
               Leonid Pishchulin and
               Bjoern Andres and
               Mykhaylo Andriluka and
               Bernt Schiele},
  editor    = {Bastian Leibe and
               Jiri Matas and
               Nicu Sebe and
               Max Welling},
  title     = {DeeperCut: {A} Deeper, Stronger, and Faster Multi-person Pose Estimation
               Model},
  booktitle = {Computer Vision - {ECCV} 2016 - 14th European Conference, Amsterdam,
               The Netherlands, October 11-14, 2016, Proceedings, Part {VI}},
  series    = {Lecture Notes in Computer Science},
  volume    = {9910},
  pages     = {34--50},
  publisher = {Springer},
  year      = {2016},
}

@inproceedings{DBLP:conf/cvpr/AndrilukaPGS14,
  author    = {Mykhaylo Andriluka and
               Leonid Pishchulin and
               Peter V. Gehler and
               Bernt Schiele},
  title     = {2D Human Pose Estimation: New Benchmark and State of the Art Analysis},
  booktitle = {2014 {IEEE} Conference on Computer Vision and Pattern Recognition,
               {CVPR} 2014, Columbus, OH, USA, June 23-28, 2014},
  pages     = {3686--3693},
  publisher = {{IEEE} Computer Society},
  year      = {2014},
}

@inproceedings{DBLP:conf/eccv/LinMBHPRDZ14,
  author    = {Tsung{-}Yi Lin and
               Michael Maire and
               Serge J. Belongie and
               James Hays and
               Pietro Perona and
               Deva Ramanan and
               Piotr Doll{\'{a}}r and
               C. Lawrence Zitnick},
  editor    = {David J. Fleet and
               Tom{\'{a}}s Pajdla and
               Bernt Schiele and
               Tinne Tuytelaars},
  title     = {Microsoft {COCO:} Common Objects in Context},
  booktitle = {Computer Vision - {ECCV} 2014 - 13th European Conference, Zurich,
               Switzerland, September 6-12, 2014, Proceedings, Part {V}},
  series    = {Lecture Notes in Computer Science},
  volume    = {8693},
  pages     = {740--755},
  publisher = {Springer},
  year      = {2014},
}

@inproceedings{DBLP:conf/cvpr/HeZRS16,
  author    = {Kaiming He and
               Xiangyu Zhang and
               Shaoqing Ren and
               Jian Sun},
  title     = {Deep Residual Learning for Image Recognition},
  booktitle = {2016 {IEEE} Conference on Computer Vision and Pattern Recognition,
               {CVPR} 2016, Las Vegas, NV, USA, June 27-30, 2016},
  pages     = {770--778},
  publisher = {{IEEE} Computer Society},
  year      = {2016},
}

@inproceedings{DBLP:journals/corr/SimonyanZ14a,
  author    = {Karen Simonyan and
               Andrew Zisserman},
  editor    = {Yoshua Bengio and
               Yann LeCun},
  title     = {Very Deep Convolutional Networks for Large-Scale Image Recognition},
  booktitle = {3rd International Conference on Learning Representations, {ICLR} 2015,
               San Diego, CA, USA, May 7-9, 2015, Conference Track Proceedings},
  year      = {2015},
}

@inproceedings{chen2018cascaded,
  title={Cascaded pyramid network for multi-person pose estimation},
  author={Chen, Yilun and Wang, Zhicheng and Peng, Yuxiang and Zhang, Zhiqiang and Yu, Gang and Sun, Jian},
  booktitle={Proceedings of the IEEE conference on computer vision and pattern recognition},
  pages={7103--7112},
  year={2018}
}

@inproceedings{DBLP:conf/cvpr/YuXGY0S021,
  author    = {Changqian Yu and
               Bin Xiao and
               Changxin Gao and
               Lu Yuan and
               Lei Zhang and
               Nong Sang and
               Jingdong Wang},
  title     = {Lite-HRNet: {A} Lightweight High-Resolution Network},
  booktitle = {{IEEE} Conference on Computer Vision and Pattern Recognition, {CVPR}
               2021, virtual, June 19-25, 2021},
  pages     = {10440--10450},
  publisher = {Computer Vision Foundation / {IEEE}},
  year      = {2021},
}

@article{DBLP:journals/pami/00010CJDZ0MTW0X21,
  author    = {Jingdong Wang and
               Ke Sun and
               Tianheng Cheng and
               Borui Jiang and
               Chaorui Deng and
               Yang Zhao and
               Dong Liu and
               Yadong Mu and
               Mingkui Tan and
               Xinggang Wang and
               Wenyu Liu and
               Bin Xiao},
  title     = {Deep High-Resolution Representation Learning for Visual Recognition},
  journal   = {{IEEE} Trans. Pattern Anal. Mach. Intell.},
  volume    = {43},
  number    = {10},
  pages     = {3349--3364},
  year      = {2021},
}

@inproceedings{DBLP:conf/cvpr/0009XLW19,
  author    = {Ke Sun and
               Bin Xiao and
               Dong Liu and
               Jingdong Wang},
  title     = {Deep High-Resolution Representation Learning for Human Pose Estimation},
  booktitle = {{IEEE} Conference on Computer Vision and Pattern Recognition, {CVPR}
               2019, Long Beach, CA, USA, June 16-20, 2019},
  pages     = {5693--5703},
  publisher = {Computer Vision Foundation / {IEEE}},
  year      = {2019},
}

@article{DBLP:journals/corr/abs-2109-15099,
  author    = {Cheng Cui and
               Tingquan Gao and
               Shengyu Wei and
               Yuning Du and
               Ruoyu Guo and
               Shuilong Dong and
               Bin Lu and
               Ying Zhou and
               Xueying Lv and
               Qiwen Liu and
               Xiaoguang Hu and
               Dianhai Yu and
               Yanjun Ma},
  title     = {PP-LCNet: {A} Lightweight {CPU} Convolutional Neural Network},
  journal   = {CoRR},
  volume    = {abs/2109.15099},
  year      = {2021},
}

@article{DBLP:journals/corr/abs-2111-00902,
  author    = {Guanghua Yu and
               Qinyao Chang and
               Wenyu Lv and
               Chang Xu and
               Cheng Cui and
               Wei Ji and
               Qingqing Dang and
               Kaipeng Deng and
               Guanzhong Wang and
               Yuning Du and
               Baohua Lai and
               Qiwen Liu and
               Xiaoguang Hu and
               Dianhai Yu and
               Yanjun Ma},
  title     = {PP-PicoDet: {A} Better Real-Time Object Detector on Mobile Devices},
  journal   = {CoRR},
  volume    = {abs/2111.00902},
  year      = {2021},
}