
@article{wimolmalaEnhancedXrayShielding2021,
	title = {Enhanced {X}-ray shielding properties of {NRL} gloves with nano-{Bi2O3} and their mechanical properties under aging conditions},
	volume = {186},
	issn = {0969806X},
	url = {https://linkinghub.elsevier.com/retrieve/pii/S0969806X21001808},
	doi = {10.1016/j.radphyschem.2021.109530},
	language = {en},
	urldate = {2021-05-19},
	journal = {Radiation Physics and Chemistry},
	author = {Wimolmala, Ekachai and Markpin, Teerasak and Sombatsompop, Narongrit and Saenboonruang, Kiadtisak},
	month = sep,
	year = {2021},
	pages = {109530},
}
