@article{HOU,
author = {HOU Chaoyong, MASAHIRO Kazumi, XU Shouping, PENG Wenping},
title = {Research of SOC estimation algorithm for LiFePO4 battery based on differential curves},
publisher = {Energy Storage Science and Technology},
year = {2017},
journal = {Energy Storage Science and Technology},
volume = {6},
number = {6},
eid = {1321},
numpages = {0},
pages = {1321},
}    

@article{FORGEZ20102961,
title = {Thermal modeling of a cylindrical LiFePO4/graphite lithium-ion battery},
journal = {Journal of Power Sources},
volume = {195},
number = {9},
pages = {2961-2968},
year = {2010},
issn = {0378-7753},
author = {Christophe Forgez and Dinh {Vinh Do} and Guy Friedrich and Mathieu Morcrette and Charles Delacourt},
keywords = {Li-ion battery, Thermal modeling, Temperature, Heat source},
}

@article{NG20091506,
title = {Enhanced coulomb counting method for estimating state-of-charge and state-of-health of lithium-ion batteries},
journal = {Applied Energy},
volume = {86},
number = {9},
pages = {1506-1511},
year = {2009},
author = {Kong Soon Ng and Chin-Sien Moo and Yi-Ping Chen and Yao-Ching Hsieh},
}

@article{ZOU2016121,
title = {Multi-time-scale observer design for state-of-charge and state-of-health of a lithium-ion battery},
journal = {Journal of Power Sources},
volume = {335},
pages = {121-130},
year = {2016},
author = {Changfu Zou and Chris Manzie and Dragan Nešić and Abhijit G. Kallapur},
}

@article{Doyle1993Modeling,
  title={Modeling of Galvanostatic Charge and Discharge of the Lithium/Polymer/Insertion Cell},
  author={Doyle and Marc},
  journal={Journal of the Electrochemical Society},
  volume={140},
  number={6},
  pages={1526},
  year={1993},
}

@article{santhanagopalan2006review,
  title={Review of models for predicting the cycling performance of lithium ion batteries},
  author={Santhanagopalan, Shriram and Guo, Qingzhi and Ramadass, Premanand and White, Ralph E},
  journal={Journal of power sources},
  volume={156},
  number={2},
  pages={620--628},
  year={2006},
  publisher={Elsevier}
}

@article{yuan2001determination,
  title={Determination of hydrogen diffusion coefficient in metal hydride electrode by cyclic voltammetry},
  author={Yuan, Xianxia and Xu, Naixin},
  journal={Journal of alloys and compounds},
  volume={316},
  number={1-2},
  pages={113--117},
  year={2001},
  publisher={Elsevier}
}

@article{Srinivasan_2002,
	year = 2002,
	month = {dec},
	publisher = {The Electrochemical Society},
	volume = {150},
	number = {1},
	pages = {A98--A106},
	author = {Venkat Srinivasan and C. Y. Wang},
	title = {Analysis of Electrochemical and Thermal Behavior of Li-Ion Cells},
	journal = {Journal of The Electrochemical Society},
}

@article{BOTTE20002595,
title = {Mathematical modeling of secondary lithium batteries},
journal = {Electrochimica Acta},
volume = {45},
number = {15},
pages = {2595-2609},
year = {2000},
issn = {0013-4686},
author = {Gerardine G. Botte and Venkat R. Subramanian and Ralph E. White},
keywords = {Secondary lithium batteries, Intercalation, Electrochemical modeling, Thermal modeling},
}

@inproceedings{Diwakar2009TowardsEM,
  title={Towards efficient models for lithium ion batteries},
  author={Vinten D. Diwakar},
  year={2009}
}

@article{article,
author = {Wik, Torsten and Fridholm, Björn and Kuusisto, Hannes},
year = {2015},
month = {08},
pages = {448-457},
title = {Implementation and robustness of an analytically based battery state of power},
volume = {287},
journal = {Journal of Power Sources},
}

@article{DONG2015879,
title = {A method for state of energy estimation of lithium-ion batteries based on neural network model},
journal = {Energy},
volume = {90},
pages = {879-888},
year = {2015},
issn = {0360-5442},
author = {Guangzhong Dong and Xu Zhang and Chenbin Zhang and Zonghai Chen},
}

@article{VETTER2005269,
title = {Ageing mechanisms in lithium-ion batteries},
journal = {Journal of Power Sources},
volume = {147},
number = {1},
pages = {269-281},
year = {2005},
issn = {0378-7753},
author = {J. Vetter and P. Novák and M.R. Wagner and C. Veit and K.-C. Möller and J.O. Besenhard and M. Winter and M. Wohlfahrt-Mehrens and C. Vogler and A. Hammouche},
}

@article{AMINE2001684,
title = {Factors responsible for impedance rise in high power lithium ion batteries},
journal = {Journal of Power Sources},
volume = {97-98},
pages = {684-687},
year = {2001},
note = {Proceedings of the 10th International Meeting on Lithium Batteries},
issn = {0378-7753},
author = {K. Amine and C.H. Chen and J. Liu and M. Hammond and A. Jansen and D. Dees and I. Bloom and D. Vissers and G. Henriksen},
}

@article{Ning_2004,
	year = 2004,
	publisher = {The Electrochemical Society},
	volume = {151},
	number = {10},
	pages = {A1584},
	author = {Gang Ning and Branko N. Popov},
	title = {Cycle Life Modeling of Lithium-Ion Batteries},
	journal = {Journal of The Electrochemical Society},
}

@article{NING20062012,
title = {A generalized cycle life model of rechargeable Li-ion batteries},
journal = {Electrochimica Acta},
volume = {51},
number = {10},
pages = {2012-2022},
year = {2006},
issn = {0013-4686},
author = {Gang Ning and Ralph E. White and Branko N. Popov},
}

@techreport{smith2014models,
  title={Models for battery reliability and lifetime},
  author={Smith, Kandler and Wood, E and Santhanagopalan, S and Kim, GH and Neubauer, J and Pesaran, A},
  year={2014},
  institution={National Renewable Energy Lab.(NREL), Golden, CO (United States)}
}

@article{laresgoiti2015modeling,
  title={Modeling mechanical degradation in lithium ion batteries during cycling: Solid electrolyte interphase fracture},
  author={Laresgoiti, Izaro and K{\"a}bitz, Stefan and Ecker, Madeleine and Sauer, Dirk Uwe},
  journal={Journal of Power Sources},
  volume={300},
  pages={112--122},
  year={2015},
  publisher={Elsevier}
}

@article{wang2011cycle,
  title={Cycle-life model for graphite-LiFePO4 cells},
  author={Wang, John and Liu, Ping and Hicks-Garner, Jocelyn and Sherman, Elena and Soukiazian, Souren and Verbrugge, Mark and Tataria, Harshad and Musser, James and Finamore, Peter},
  journal={Journal of power sources},
  volume={196},
  number={8},
  pages={3942--3948},
  year={2011},
  publisher={Elsevier}
}

@inproceedings{millner2010modeling,
  title={Modeling lithium ion battery degradation in electric vehicles},
  author={Millner, Alan},
  booktitle={2010 IEEE Conference on Innovative Technologies for an Efficient and Reliable Electricity Supply},
  pages={349--356},
  year={2010},
  organization={IEEE}
}

@article{kassem2012calendar,
  title={Calendar aging of a graphite/LiFePO4 cell},
  author={Kassem, Mohammad and Bernard, Julien and Revel, Renaud and Pelissier, Serge and Duclaud, Fran{\c{c}}ois and Delacourt, C},
  journal={Journal of Power Sources},
  volume={208},
  pages={296--305},
  year={2012},
  publisher={Elsevier}
}

@article{Sulzer2021,
  title = {{Python Battery Mathematical Modelling (PyBaMM)}},
  author = {Sulzer, Valentin and Marquis, Scott G. and Timms, Robert and Robinson, Martin and Chapman, S. Jon},
  doi = {10.5334/jors.309},
  journal = {Journal of Open Research Software},
  publisher = {Software Sustainability Institute},
  volume = {9},
  number = {1},
  pages = {14},
  year = {2021}
}