@article{kolev2021big,
  title={Big Data in Astroinformatics--Compression of Scanned Astronomical Photographic Plates},
  author={Kolev, Vasil},
  journal={arXiv preprint arXiv:2108.08399},
  year={2021}
}

@book{image,
  title={现代数字图像处理},
  author={朱秀昌，唐贵进},
  publisher={人民邮电出版社},
  year={2020},
}

@book{nixon2019feature,
  title={Feature extraction and image processing for computer vision},
  author={Nixon, Mark and Aguado, Alberto},
  year={2019},
  publisher={Academic press}
}

@book{1,
  title={矩阵论(第2版)},
  author={杨明，刘先忠},
  publisher={华中科技大学出版社},
  year={2005},
}

@article{ranade2007variation,
  title={A variation on SVD based image compression},
  author={Ranade, Abhiram and Mahabalarao, Srikanth S and Kale, Satyen},
  journal={Image and Vision computing},
  volume={25},
  number={6},
  pages={771--777},
  year={2007},
  publisher={Elsevier}
}